@Book{makazaga1998ordenadore,
 author = {Makazaga, Joseba},
 title = {Ordenadore bidezko irudigintza},
 publisher = {Udako Euskal Unibertsitatea},
 year = {1998},
 address = {Bilbo},
 isbn = {84-86967-90-2}
 }
 
@misc{transformaciones,
  author = {Makazaga, Joseba},
  title = {Gráficos por Ordenador},
  note = {Transparencias del tema de Transformaciones},
  year = {2020},
  howpublished = {Página web},
  url = {https://egela.ehu.eus/pluginfile.php/3813842/mod_resource/content/2/graficos-por-ordenador-transformacion.pdf}
}

@misc{camaras,
  author = {Makazaga, Joseba},
  title = {Gráficos por Ordenador},
  note = {Transparencias del tema de Cámaras},
  year = {2020},
  howpublished = {Página web},
  url = {https://egela.ehu.eus/pluginfile.php/3813849/mod_resource/content/3/graficos-por-ordenador-visualizacion.pdf}
}

@misc{analisis,
  author = {Makazaga, Joseba},
  title = {Control de cámara - Modo análisis},
  publisher = {Universidad del País Vasco},
  howpublished = {Página web},
  url = {https://egela.ehu.eus/pluginfile.php/3813849/mod_resource/content/3/graficos-por-ordenador-visualizacion.pdf}
}

@misc{perspectiva,
  author = {Makazaga, Joseba},
  title = {Proyección en perspectiva - OpenGL},
  publisher = {Universidad del País Vasco},
  howpublished = {Página web},
  url = {https://egela.ehu.eus/pluginfile.php/3813849/mod_resource/content/3/graficos-por-ordenador-visualizacion.pdf}
}

@misc{luces,
  author = {Makazaga, Joseba},
  title = {Gráficos por Ordenador},
  note = {Transparencias del tema de Luces},
  year = {2020},
  howpublished = {Página web},
  url = {https://egela.ehu.eus/pluginfile.php/3813858/mod_resource/content/2/graficos-por-ordenador-iluminacion.pdf}
}

@misc{opengl_luces,
  title = {OpenGL Programming Guide - Chapter 5 Lighting},
  howpublished = {Página web},
  url = {https://www.glprogramming.com/red/chapter05.html}
}

@misc{opengl_materials,
  title = {OpenGL/VRML Materials},
  howpublished = {Página web},
  url = {http://devernay.free.fr/cours/opengl/materials.html}
}