@misc{noauthor_ultimate_nodate,
	title = {Ultimate {Chicken} {Horse} game revenue and stats on {Steam} - {Steam} {Marketing} {Tool}},
	url = {https://games-stats.com/steam/game/ultimate-chicken-horse/},
	urldate = {2022-04-08},
}

@misc{noauthor_jackbox_nodate,
	title = {The {Jackbox} {Party} {Pack} 7 game revenue and stats on {Steam} - {Steam} {Marketing} {Tool}},
	url = {https://games-stats.com/steam/game/the-jackbox-party-pack-7/},
	urldate = {2022-04-08},
}

@misc{noauthor_pummel_nodate,
	title = {Pummel {Party} game revenue and stats on {Steam} - {Steam} {Marketing} {Tool}},
	url = {https://games-stats.com/steam/game/pummel-party/},
	urldate = {2022-04-08},
}